@ARTICLE{shannonEntropy,

  author={Shannon, C. E.},

  journal={The Bell System Technical Journal}, 

  title={A mathematical theory of communication}, 

  year={1948},

  volume={27},

  number={3},

  pages={379-423},

  doi={10.1002/j.1538-7305.1948.tb01338.x}
}
 ISSN = {00063444},
 URL = {http://www.jstor.org/stable/2333955},
 author = {Harold Hotelling},
 journal = {Biometrika},
 number = {3/4},
 pages = {321--377},
 publisher = {[Oxford University Press, Biometrika Trust]},
 title = {Relations Between Two Sets of Variates},
 volume = {28},
 year = {1936}
}
@article{Rosenblatt58theperceptron:,
    author = {F. Rosenblatt},
    title = {The Perceptron: A Probabilistic Model for Information Storage and Organization in The Brain},
    journal = {Psychological Review},
    year = {1958},
    pages = {65--386}
}



@article{TamingChaos,
	Author = {Raubitzek, Sebastian and Neubauer, Thomas},
	Journal = {Entropy},
	Number = {11},
	Title = {Taming the Chaos in Neural Network Time Series Predictions},
	Volume = {23},
	Year = {2021}
}
@incollection{rumelhart:errorpropnonote,
  added-at = {2008-02-26T11:58:58.000+0100},
  address = {Cambridge, MA},
  author = {Rumelhart, David E. and Hinton, Geoffrey E. and Williams, Ronald J.},
  biburl = {https://www.bibsonomy.org/bibtex/27c3d39c519530239660d33e66493ade1/schaul},
  booktitle = {Parallel Distributed Processing: Explorations in the Microstructure of Cognition, {V}olume 1: {F}oundations},
  citeulike-article-id = {2378884},
  description = {idsia},
  editor = {Rumelhart, David E. and Mcclelland, James L.},
  interhash = {dd8485b30b80c7f35263bcb21ed81c1f},
  intrahash = {7c3d39c519530239660d33e66493ade1},
  keywords = {nn},
  pages = {318--362},
  priority = {2},
  publisher = {MIT Press},
  timestamp = {2008-02-26T12:02:43.000+0100},
  title = {Learning Internal Representations by Error Propagation},
  year = 1986
}
@article{bucci2021leveraging,
  title={Leveraging the structure of dynamical systems for data-driven modeling},
  author={Bucci, Alessandro and Semeraro, Onofrio and Allauzen, Alexandre and Chibbaro, Sergio and Mathelin, Lionel},
  journal={arXiv preprint arXiv:2112.08458},
  year={2021}
}


@article{LorenzArticle,
	Author = {Kuznetsov, N. V. and Mokaev, T. N. and Kuznetsova, O. A. and Kudryashova, E. V.},
	Journal = {Nonlinear Dynamics},
	Number = {2},
	Pages = {713--732},
	Title = {The Lorenz system: hidden boundary of practical stability and the Lyapunov dimension},
	Volume = {102},
	Year = {2020}}


@InProceedings{FIM,
  title = 	 {Universal Statistics of Fisher Information in Deep Neural Networks: Mean Field Approach},
  author =       {Karakida, Ryo and Akaho, Shotaro and Amari, Shun-ichi},
  booktitle = 	 {Proceedings of the Twenty-Second International Conference on Artificial Intelligence and Statistics},
  pages = 	 {1032--1041},
  year = 	 {2019},
  editor = 	 {Chaudhuri, Kamalika and Sugiyama, Masashi},
  volume = 	 {89},
  series = 	 {Proceedings of Machine Learning Research},
  month = 	 {16--18 Apr},
  publisher =    {PMLR},
  pdf = 	 {http://proceedings.mlr.press/v89/karakida19a/karakida19a.pdf},
  url = 	 {https://proceedings.mlr.press/v89/karakida19a.html},

}

@article{PCA,
	Author = {Andrzej Ma{\'c}kiewicz and Waldemar Ratajczak},
	Journal = {Computers & Geosciences},
	Number = {3},
	Pages = {303-342},
	Title = {Principal components analysis (PCA)},
	Volume = {19},
	Year = {1993}}
